@article{G_ttinger_2017,
	doi = {10.1038/nnano.2017.86},
	url = {https://doi.org/10.1038%2Fnnano.2017.86},
	year = 2017,
	month = {may},
	publisher = {Springer Nature},
	volume = {12},
	number = {7},
	pages = {631--636},
	author = {Johannes GÃ¼ttinger and Adrien Noury and Peter Weber and Axel Martin Eriksson and Camille Lagoin and Joel Moser and Christopher Eichler and Andreas Wallraff and Andreas Isacsson and Adrian Bachtold},
	title = {Energy-dependent path of dissipation in nanomechanical resonators},
	journal = {Nature Nanotechnology}
}
