@article{Thiele_2014,
	doi = {10.1126/science.1249802},
	url = {https://doi.org/10.1126%2Fscience.1249802},
	year = 2014,
	month = {jun},
	publisher = {American Association for the Advancement of Science ({AAAS})},
	volume = {344},
	number = {6188},
	pages = {1135--1138},
	author = {S. Thiele and F. Balestro and R. Ballou and S. Klyatskaya and M. Ruben and W. Wernsdorfer},
	title = {Electrically driven nuclear spin resonance in single-molecule magnets},
	journal = {Science}
}
@article{Godfrin_2017,
	doi = {10.1021/acsnano.7b00451},
	url = {https://doi.org/10.1021%2Facsnano.7b00451},
	year = 2017,
	month = {apr},
	publisher = {American Chemical Society ({ACS})},
	volume = {11},
	number = {4},
	pages = {3984--3989},
	author = {Cl{\'{e}}ment Godfrin and Stefan Thiele and Abdelkarim Ferhat and Svetlana Klyatskaya and Mario Ruben and Wolfgang Wernsdorfer and Franck Balestro},
	title = {Electrical Read-Out of a Single Spin Using an Exchange-Coupled Quantum Dot},
	journal = {{ACS} Nano}
}
@article{Kiktenko_2015,
	doi = {10.1103/physreva.91.042312},
	url = {https://doi.org/10.1103%2Fphysreva.91.042312},
	year = 2015,
	month = {apr},
	publisher = {American Physical Society ({APS})},
	volume = {91},
	number = {4},
	author = {E. O. Kiktenko and A. K. Fedorov and O. V. Man{\textquotesingle}ko and V. I. Man{\textquotesingle}ko},
	title = {Multilevel superconducting circuits as two-qubit systems: Operations, state preparation, and entropic inequalities},
	journal = {Physical Review A}
}
@article{Leuenberger_2002,
	doi = {10.1103/physrevlett.89.207601},
	url = {https://doi.org/10.1103%2Fphysrevlett.89.207601},
	year = 2002,
	month = {oct},
	publisher = {American Physical Society ({APS})},
	volume = {89},
	number = {20},
	author = {Michael N. Leuenberger and Daniel Loss and M. Poggio and D. D. Awschalom},
	title = {Quantum Information Processing with Large Nuclear Spins in {GaAs} Semiconductors},
	journal = {Physical Review Letters}
}
@article{Godfrin_2017a,
	doi = {10.1103/physrevlett.119.187702},
	url = {https://doi.org/10.1103%2Fphysrevlett.119.187702},
	year = 2017,
	month = {nov},
	publisher = {American Physical Society ({APS})},
	volume = {119},
	number = {18},
	author = {C. Godfrin and A. Ferhat and R. Ballou and S. Klyatskaya and M. Ruben and W. Wernsdorfer and F. Balestro},
	title = {Operating Quantum States in Single Magnetic Molecules: Implementation of Grover's Quantum Algorithm},
	journal = {Physical Review Letters}
}
