@article{Jackson_Kimball_2016,
	doi = {10.1103/physrevlett.116.190801},
	url = {https://doi.org/10.1103%2Fphysrevlett.116.190801},
	year = 2016,
	month = {may},
	publisher = {American Physical Society ({APS})},
	volume = {116},
	number = {19},
	author = {Derek F. Jackson Kimball and Alexander O. Sushkov and Dmitry Budker},
	title = {Precessing Ferromagnetic Needle Magnetometer},
	journal = {Physical Review Letters}
}
@article{Gilbert_2004,
	doi = {10.1109/tmag.2004.836740},
	url = {https://doi.org/10.1109%2Ftmag.2004.836740},
	year = 2004,
	month = {nov},
	publisher = {Institute of Electrical and Electronics Engineers ({IEEE})},
	volume = {40},
	number = {6},
	pages = {3443--3449},
	author = {T.L. Gilbert},
	title = {Classics in Magnetics A Phenomenological Theory of Damping in Ferromagnetic Materials},
	journal = {{IEEE} Transactions on Magnetics}
}
@article{Callen_1951,
	doi = {10.1103/physrev.83.34},
	url = {https://doi.org/10.1103%2Fphysrev.83.34},
	year = 1951,
	month = {jul},
	publisher = {American Physical Society ({APS})},
	volume = {83},
	number = {1},
	pages = {34--40},
	author = {Herbert B. Callen and Theodore A. Welton},
	title = {Irreversibility and Generalized Noise},
	journal = {Physical Review}
}
@article{Band_2013,
	doi = {10.1103/physreve.88.042149},
	url = {https://doi.org/10.1103%2Fphysreve.88.042149},
	year = 2013,
	month = {oct},
	publisher = {American Physical Society ({APS})},
	volume = {88},
	number = {4},
	author = {Y. B. Band and Y. Ben-Shimol},
	title = {Molecules with an induced dipole moment in a stochastic electric field},
	journal = {Physical Review E}
}
