@article{Sharma_2017,
	doi = {10.1103/physrevb.96.094412},
	url = {https://doi.org/10.1103%2Fphysrevb.96.094412},
	year = 2017,
	month = {sep},
	publisher = {American Physical Society ({APS})},
	volume = {96},
	number = {9},
	author = {Sanchar Sharma and Yaroslav M. Blanter and Gerrit E. W. Bauer},
	title = {Light scattering by magnons in whispering gallery mode cavities},
	journal = {Physical Review B}
}
