@article{Rossi_2016,
	doi = {10.1038/nnano.2016.189},
	url = {https://doi.org/10.1038%2Fnnano.2016.189},
	year = 2016,
	month = {oct},
	publisher = {Springer Nature},
	volume = {12},
	number = {2},
	pages = {150--155},
	author = {Nicola Rossi and Floris R. Braakman and Davide Cadeddu and Denis Vasyukov and G旦zde T端t端nc端oglu and Anna Fontcuberta i Morral and Martino Poggio},
	title = {Vectorial scanning force microscopy using a nanowire sensor},
	journal = {Nature Nanotechnology}
}
