@article{Hemelaar_2017,
	doi = {10.1038/s41598-017-06180-5},
	url = {https://doi.org/10.1038%2Fs41598-017-06180-5},
	year = 2017,
	month = {jul},
	publisher = {Springer Nature},
	volume = {7},
	number = {1},
	author = {Simon R. Hemelaar and Kiran J. van der Laan and Sophie R. Hinterding and Manon V. Koot and Else Ellermann and Felipe P. Perona-Martinez and David Roig and Severin Hommelet and Daniele Novarina and Hiroki Takahashi and Michael Chang and Romana Schirhagl},
	title = {Generally Applicable Transformation Protocols for Fluorescent Nanodiamond Internalization into Cells},
	journal = {Scientific Reports}
}
@article{Zheng_2017,
	doi = {10.1021/acs.analchem.7b03236},
	url = {https://doi.org/10.1021%2Facs.analchem.7b03236},
	year = 2017,
	month = {nov},
	publisher = {American Chemical Society ({ACS})},
	volume = {89},
	number = {23},
	pages = {12812--12820},
	author = {Tingting Zheng and Felipe Perona Mart{\'{\i}}nez and Ingeborg Maria Storm and Wolf Rombouts and Joris Sprakel and Romana Schirhagl and Renko de Vries},
	title = {Recombinant Protein Polymers for Colloidal Stabilization and Improvement of Cellular Uptake of Diamond Nanosensors},
	journal = {Analytical Chemistry}
}
@article{Hemelaar_2017a,
	doi = {10.1038/s41598-017-00797-2},
	url = {https://doi.org/10.1038%2Fs41598-017-00797-2},
	year = 2017,
	month = {apr},
	publisher = {Springer Nature},
	volume = {7},
	number = {1},
	author = {S. R. Hemelaar and P. de Boer and M. Chipaux and W. Zuidema and T. Hamoh and F. Perona Martinez and A. Nagl and J. P. Hoogenboom and B. N. G. Giepmans and R. Schirhagl},
	title = {Nanodiamonds as multi-purpose labels for microscopy},
	journal = {Scientific Reports}
}
