@article{Coey_1987,
	doi = {10.1139/p87-197},
	url = {https://doi.org/10.1139%2Fp87-197},
	year = 1987,
	month = {oct},
	publisher = {Canadian Science Publishing},
	volume = {65},
	number = {10},
	pages = {1210--1232},
	author = {J. M. D. Coey},
	title = {Noncollinear spin structures},
	journal = {Canadian Journal of Physics}
}
@article{Kimura_2003,
	doi = {10.1038/nature02018},
	url = {https://doi.org/10.1038%2Fnature02018},
	year = 2003,
	month = {nov},
	publisher = {Springer Nature},
	volume = {426},
	number = {6962},
	pages = {55--58},
	author = {T. Kimura and T. Goto and H. Shintani and K. Ishizaka and T. Arima and Y. Tokura},
	title = {Magnetic control of ferroelectric polarization},
	journal = {Nature}
}
@article{Cheong_2007,
	doi = {10.1038/nmat1804},
	url = {https://doi.org/10.1038%2Fnmat1804},
	year = 2007,
	month = {jan},
	publisher = {Springer Nature},
	volume = {6},
	number = {1},
	pages = {13--20},
	author = {Sang-Wook Cheong and Maxim Mostovoy},
	title = {Multiferroics: a magnetic twist for ferroelectricity},
	journal = {Nature Materials}
}
@article{Lottermoser_2004,
	doi = {10.1038/nature02728},
	url = {https://doi.org/10.1038%2Fnature02728},
	year = 2004,
	month = {jul},
	publisher = {Springer Nature},
	volume = {430},
	number = {6999},
	pages = {541--544},
	author = {Thomas Lottermoser and Thomas Lonkai and Uwe Amann and Dietmar Hohlwein and Jรถrg Ihringer and Manfred Fiebig},
	title = {Magnetic phase control by an electric field},
	journal = {Nature}
}
@article{Heron_2014,
	doi = {10.1038/nature14004},
	url = {https://doi.org/10.1038%2Fnature14004},
	year = 2014,
	month = {dec},
	publisher = {Springer Nature},
	volume = {516},
	number = {7531},
	pages = {370--373},
	author = {J. T. Heron and J. L. Bosse and Q. He and Y. Gao and M. Trassin and L. Ye and J. D. Clarkson and C. Wang and Jian Liu and S. Salahuddin and D. C. Ralph and D. G. Schlom and J. {\'{I}}{\~{n}}iguez and B. D. Huey and R. Ramesh},
	title = {Deterministic switching of ferromagnetism at room temperature using an electric field},
	journal = {Nature}
}
@article{Nayak_2016,
	doi = {10.1126/sciadv.1501870},
	url = {https://doi.org/10.1126%2Fsciadv.1501870},
	year = 2016,
	month = {apr},
	publisher = {American Association for the Advancement of Science ({AAAS})},
	volume = {2},
	number = {4},
	pages = {e1501870--e1501870},
	author = {A. K. Nayak and J. E. Fischer and Y. Sun and B. Yan and J. Karel and A. C. Komarek and C. Shekhar and N. Kumar and W. Schnelle and J. Ku~bler and C. Felser and S. S. P. Parkin},
	title = {Large anomalous Hall effect driven by a nonvanishing Berry curvature in the noncolinear antiferromagnet Mn3Ge},
	journal = {Science Advances}
}
@article{Hanke_2016,
	doi = {10.1103/physrevb.94.121114},
	url = {https://doi.org/10.1103%2Fphysrevb.94.121114},
	year = 2016,
	month = {sep},
	publisher = {American Physical Society ({APS})},
	volume = {94},
	number = {12},
	author = {J.-P. Hanke and F. Freimuth and A. K. Nandy and H. Zhang and S. Bl端gel and Y. Mokrousov},
	title = {Role of Berry phase theory for describing orbital magnetism: From magnetic heterostructures to topological orbital ferromagnets},
	journal = {Physical Review B}
}
@article{Zhang_2016,
	doi = {10.1126/sciadv.1600759},
	url = {https://doi.org/10.1126%2Fsciadv.1600759},
	year = 2016,
	month = {sep},
	publisher = {American Association for the Advancement of Science ({AAAS})},
	volume = {2},
	number = {9},
	pages = {e1600759--e1600759},
	author = {W. Zhang and W. Han and S.-H. Yang and Y. Sun and Y. Zhang and B. Yan and S. S. P. Parkin},
	title = {Giant facet-dependent spin-orbit torque and spin Hall conductivity in the triangular antiferromagnet {IrMn}3},
	journal = {Science Advances}
}
@article{Maze_2008,
	doi = {10.1038/nature07279},
	url = {https://doi.org/10.1038%2Fnature07279},
	year = 2008,
	month = {oct},
	publisher = {Springer Nature},
	volume = {455},
	number = {7213},
	pages = {644--647},
	author = {J. R. Maze and P. L. Stanwix and J. S. Hodges and S. Hong and J. M. Taylor and P. Cappellaro and L. Jiang and M. V. Gurudev Dutt and E. Togan and A. S. Zibrov and A. Yacoby and R. L. Walsworth and M. D. Lukin},
	title = {Nanoscale magnetic sensing with an individual electronic spin in diamond},
	journal = {Nature}
}
