@article{Suhl_1957,
	doi = {10.1016/0022-3697(57)90010-0},
	url = {https://doi.org/10.1016%2F0022-3697%2857%2990010-0},
	year = 1957,
	month = {jan},
	publisher = {Elsevier {BV}},
	volume = {1},
	number = {4},
	pages = {209--227},
	author = {H. Suhl},
	title = {The theory of ferromagnetic resonance at high signal powers},
	journal = {Journal of Physics and Chemistry of Solids}
}
@article{Hahn_2014,
	doi = {10.1063/1.4871516},
	url = {https://doi.org/10.1063%2F1.4871516},
	year = 2014,
	month = {apr},
	publisher = {{AIP} Publishing},
	volume = {104},
	number = {15},
	pages = {152410},
	author = {C. Hahn and V. V. Naletov and G. de Loubens and O. Klein and O. d{\textquotesingle}Allivy Kelly and A. Anane and R. Bernard and E. Jacquet and P. Bortolotti and V. Cros and J. L. Prieto and M. Mu{\~{n}}oz},
	title = {Measurement of the intrinsic damping constant in individual nanodisks of Y3Fe5O12 and Y3Fe5O12$\vert$Pt},
	journal = {Applied Physics Letters}
}
@article{Klein_2008,
	doi = {10.1103/physrevb.78.144410},
	url = {https://doi.org/10.1103%2Fphysrevb.78.144410},
	year = 2008,
	month = {oct},
	publisher = {American Physical Society ({APS})},
	volume = {78},
	number = {14},
	author = {O. Klein and G. de Loubens and V. V. Naletov and F. Boust and T. Guillet and H. Hurdequint and A. Leksikov and A. N. Slavin and V. S. Tiberkevich and N. Vukadinovic},
	title = {Ferromagnetic resonance force spectroscopy of individual submicron-size samples},
	journal = {Physical Review B}
}
@article{Bertotti_2001,
	doi = {10.1103/physrevlett.87.217203},
	url = {https://doi.org/10.1103%2Fphysrevlett.87.217203},
	year = 2001,
	month = {nov},
	publisher = {American Physical Society ({APS})},
	volume = {87},
	number = {21},
	author = {Giorgio Bertotti and Isaak D. Mayergoyz and Claudio Serpico},
	title = {Spin-Wave Instabilities in Large-Scale Nonlinear Magnetization Dynamics},
	journal = {Physical Review Letters}
}
