@article{Wagenaar_2016,
	doi = {10.1103/physrevapplied.6.014007},
	url = {https://doi.org/10.1103%2Fphysrevapplied.6.014007},
	year = 2016,
	month = {jul},
	publisher = {American Physical Society ({APS})},
	volume = {6},
	number = {1},
	author = {J.{\hspace{0.167em}}J.{\hspace{0.167em}}T. Wagenaar and A.{\hspace{0.167em}}M.{\hspace{0.167em}}J. den Haan and J.{\hspace{0.167em}}M. de Voogd and L. Bossoni and T.{\hspace{0.167em}}A. de Jong and M. de Wit and K.{\hspace{0.167em}}M. Bastiaans and D.{\hspace{0.167em}}J. Thoen and A. Endo and T.{\hspace{0.167em}}M. Klapwijk and J. Zaanen and T.{\hspace{0.167em}}H. Oosterkamp},
	title = {Probing the Nuclear Spin-Lattice Relaxation Time at the Nanoscale},
	journal = {Physical Review Applied}
}
@article{de_Voogd_2017,
	doi = {10.1038/srep42239},
	url = {https://doi.org/10.1038%2Fsrep42239},
	year = 2017,
	month = {feb},
	publisher = {Springer Nature},
	volume = {7},
	pages = {42239},
	author = {J. M. de Voogd and J. J. T. Wagenaar and T. H. Oosterkamp},
	title = {Dissipation and resonance frequency shift of a resonator magnetically coupled to a semiclassical spin},
	journal = {Scientific Reports}
}
@article{Wagenaar_2017,
	doi = {10.1103/physrevapplied.7.024019},
	url = {https://doi.org/10.1103%2Fphysrevapplied.7.024019},
	year = 2017,
	month = {feb},
	publisher = {American Physical Society ({APS})},
	volume = {7},
	number = {2},
	author = {J.{\hspace{0.167em}}J.{\hspace{0.167em}}T. Wagenaar and A.{\hspace{0.167em}}M.{\hspace{0.167em}}J. den Haan and R.{\hspace{0.167em}}J. Donkersloot and F. Marsman and M. de Wit and L. Bossoni and T.{\hspace{0.167em}}H. Oosterkamp},
	title = {Mechanical Generation of Radio-Frequency Fields in Nuclear-Magnetic-Resonance Force Microscopy},
	journal = {Physical Review Applied}
}
