@article{Olson_1995,
	doi = {10.1126/science.270.5244.1967},
	url = {https://doi.org/10.1126%2Fscience.270.5244.1967},
	year = 1995,
	month = {dec},
	publisher = {American Association for the Advancement of Science ({AAAS})},
	volume = {270},
	number = {5244},
	pages = {1967--1970},
	author = {D. L. Olson and T. L. Peck and A. G. Webb and R. L. Magin and J. V. Sweedler},
	title = {High-Resolution Microcoil 1H-{NMR} for Mass-Limited, Nanoliter-Volume Samples},
	journal = {Science}
}
@article{Wrachtrup_2016,
	doi = {10.1016/j.jmr.2016.06.017},
	url = {https://doi.org/10.1016%2Fj.jmr.2016.06.017},
	year = 2016,
	month = {aug},
	publisher = {Elsevier {BV}},
	volume = {269},
	pages = {225--236},
	author = {Jรถrg Wrachtrup and Amit Finkler},
	title = {Single spin magnetic resonance},
	journal = {Journal of Magnetic Resonance}
}
@article{Freitas_2007,
	doi = {10.1088/0953-8984/19/16/165221},
	url = {https://doi.org/10.1088%2F0953-8984%2F19%2F16%2F165221},
	year = 2007,
	month = {apr},
	publisher = {{IOP} Publishing},
	volume = {19},
	number = {16},
	pages = {165221},
	author = {P P Freitas and R Ferreira and S Cardoso and F Cardoso},
	title = {Magnetoresistive sensors},
	journal = {Journal of Physics: Condensed Matter}
}
@incollection{Fermon_2013,
	doi = {10.1007/978-3-642-37172-1_3},
	url = {https://doi.org/10.1007%2F978-3-642-37172-1_3},
	year = 2013,
	publisher = {Springer Berlin Heidelberg},
	pages = {47--70},
	author = {C. Fermon and M. Pannetier-Lecoeur},
	title = {Noise in {GMR} and {TMR} Sensors},
	booktitle = {Giant Magnetoresistance ({GMR}) Sensors}
}
@article{Guitard_2016,
	doi = {10.1063/1.4952947},
	url = {https://doi.org/10.1063%2F1.4952947},
	year = 2016,
	month = {may},
	publisher = {{AIP} Publishing},
	volume = {108},
	number = {21},
	pages = {212405},
	author = {P. A. Guitard and R. Ayde and G. Jasmin-Lebras and L. Caruso and M. Pannetier-Lecoeur and C. Fermon},
	title = {Local nuclear magnetic resonance spectroscopy with giant magnetic resistance-based sensors},
	journal = {Applied Physics Letters}
}
