@article{Chang_2017,
	doi = {10.1021/acs.nanolett.6b05304},
	url = {https://doi.org/10.1021%2Facs.nanolett.6b05304},
	year = 2017,
	month = {mar},
	publisher = {American Chemical Society ({ACS})},
	volume = {17},
	number = {4},
	pages = {2367--2373},
	author = {K. Chang and A. Eichler and J. Rhensius and L. Lorenzelli and C. L. Degen},
	title = {Nanoscale Imaging of Current Density with a Single-Spin Magnetometer},
	journal = {Nano Letters}
}
