@article{Aspelmeyer_2014,
	doi = {10.1103/revmodphys.86.1391},
	url = {https://doi.org/10.1103%2Frevmodphys.86.1391},
	year = 2014,
	month = {dec},
	publisher = {American Physical Society ({APS})},
	volume = {86},
	number = {4},
	pages = {1391--1452},
	author = {Markus Aspelmeyer and Tobias J. Kippenberg and Florian Marquardt},
	title = {Cavity optomechanics},
	journal = {Reviews of Modern Physics}
}
@article{Losby_2015,
	doi = {10.1126/science.aad2449},
	url = {https://doi.org/10.1126%2Fscience.aad2449},
	year = 2015,
	month = {nov},
	publisher = {American Association for the Advancement of Science ({AAAS})},
	volume = {350},
	number = {6262},
	pages = {798--801},
	author = {J. E. Losby and F. Fani Sani and D. T. Grandmont and Z. Diao and M. Belov and J. A. J. Burgess and S. R. Compton and W. K. Hiebert and D. Vick and K. Mohammad and E. Salimi and G. E. Bridges and D. J. Thomson and M. R. Freeman},
	title = {Torque-mixing magnetic resonance spectroscopy},
	journal = {Science}
}
