@article{Du_2017,
	doi = {10.1126/science.aak9611},
	url = {https://doi.org/10.1126%2Fscience.aak9611},
	year = 2017,
	month = {jul},
	publisher = {American Association for the Advancement of Science ({AAAS})},
	volume = {357},
	number = {6347},
	pages = {195--198},
	author = {Chunhui Du and Toeno van der Sar and Tony X. Zhou and Pramey Upadhyaya and Francesco Casola and Huiliang Zhang and Mehmet C. Onbasli and Caroline A. Ross and Ronald L. Walsworth and Yaroslav Tserkovnyak and Amir Yacoby},
	title = {Control and local measurement of the spin chemical potential in a magnetic insulator},
	journal = {Science}
}
