@article{Moreland_2003,
	doi = {10.1088/0022-3727/36/5/201},
	url = {https://doi.org/10.1088%2F0022-3727%2F36%2F5%2F201},
	year = 2003,
	month = {feb},
	publisher = {{IOP} Publishing},
	volume = {36},
	number = {5},
	pages = {R39--R12},
	author = {John Moreland},
	title = {Micromechanical instruments for ferromagnetic measurements},
	journal = {Journal of Physics D: Applied Physics}
}
@article{Lipfert_2014,
	doi = {10.1021/cr500119k},
	url = {https://doi.org/10.1021%2Fcr500119k},
	year = 2014,
	month = {dec},
	publisher = {American Chemical Society ({ACS})},
	volume = {115},
	number = {3},
	pages = {1449--1474},
	author = {Jan Lipfert and Maarten M. van Oene and Mina Lee and Francesco Pedaci and Nynke H. Dekker},
	title = {Torque Spectroscopy for the Study of Rotary Motion in Biological Systems},
	journal = {Chemical Reviews}
}
@article{Forstner_2014,
	doi = {10.1002/adma.201401144},
	url = {https://doi.org/10.1002%2Fadma.201401144},
	year = 2014,
	month = {jun},
	publisher = {Wiley-Blackwell},
	volume = {26},
	number = {36},
	pages = {6348--6353},
	author = {Stefan Forstner and Eoin Sheridan and Joachim Knittel and Christopher L. Humphreys and George A. Brawley and Halina Rubinsztein-Dunlop and Warwick P. Bowen},
	title = {Ultrasensitive Optomechanical Magnetometry},
	journal = {Advanced Materials}
}
@article{Zhang_2016,
	doi = {10.1126/sciadv.1501286},
	url = {https://doi.org/10.1126%2Fsciadv.1501286},
	year = 2016,
	month = {mar},
	publisher = {American Association for the Advancement of Science ({AAAS})},
	volume = {2},
	number = {3},
	pages = {e1501286--e1501286},
	author = {X. Zhang and C.-L. Zou and L. Jiang and H. X. Tang},
	title = {Cavity magnomechanics},
	journal = {Science Advances}
}
@article{Kim_2013,
	doi = {10.1063/1.4789442},
	url = {https://doi.org/10.1063%2F1.4789442},
	year = 2013,
	month = {feb},
	publisher = {{AIP} Publishing},
	volume = {102},
	number = {5},
	pages = {053102},
	author = {P. H. Kim and C. Doolin and B. D. Hauer and A. J. R. MacDonald and M. R. Freeman and P. E. Barclay and J. P. Davis},
	title = {Nanoscale torsional optomechanics},
	journal = {Applied Physics Letters}
}
@article{Wu_2014,
	doi = {10.1103/physrevx.4.021052},
	url = {https://doi.org/10.1103%2Fphysrevx.4.021052},
	year = 2014,
	month = {jun},
	publisher = {American Physical Society ({APS})},
	volume = {4},
	number = {2},
	author = {Marcelo Wu and Aaron C. Hryciw and Chris Healey and David P. Lake and Harishankar Jayakumar and Mark R. Freeman and John P. Davis and Paul E. Barclay},
	title = {Dissipative and Dispersive Optomechanics in a Nanocavity Torque Sensor},
	journal = {Physical Review X}
}
@article{Hoang_2016,
	doi = {10.1103/physrevlett.117.123604},
	url = {https://doi.org/10.1103%2Fphysrevlett.117.123604},
	year = 2016,
	month = {sep},
	publisher = {American Physical Society ({APS})},
	volume = {117},
	number = {12},
	author = {Thai M. Hoang and Yue Ma and Jonghoon Ahn and Jaehoon Bang and F. Robicheaux and Zhang-Qi Yin and Tongcang Li},
	title = {Torsional Optomechanics of a Levitated Nonspherical Nanoparticle},
	journal = {Physical Review Letters}
}
@article{Frenzel_2017,
	doi = {10.1126/science.aao4640},
	url = {https://doi.org/10.1126%2Fscience.aao4640},
	year = 2017,
	month = {nov},
	publisher = {American Association for the Advancement of Science ({AAAS})},
	volume = {358},
	number = {6366},
	pages = {1072--1074},
	author = {Tobias Frenzel and Muamer Kadic and Martin Wegener},
	title = {Three-dimensional mechanical metamaterials with a twist},
	journal = {Science}
}
@article{Kim_2017,
	doi = {10.1038/s41467-017-01380-z},
	url = {https://doi.org/10.1038%2Fs41467-017-01380-z},
	year = 2017,
	month = {nov},
	publisher = {Springer Nature},
	volume = {8},
	number = {1},
	author = {P. H. Kim and B. D. Hauer and T. J. Clark and F. Fani Sani and M. R. Freeman and J. P. Davis},
	title = {Magnetic actuation and feedback cooling of a cavity optomechanical torque sensor},
	journal = {Nature Communications}
}
