@article{MacQuarrie_2013,
	doi = {10.1103/physrevlett.111.227602},
	url = {https://doi.org/10.1103%2Fphysrevlett.111.227602},
	year = 2013,
	month = {nov},
	publisher = {American Physical Society ({APS})},
	volume = {111},
	number = {22},
	author = {E. R. MacQuarrie and T. A. Gosavi and N. R. Jungwirth and S. A. Bhave and G. D. Fuchs},
	title = {Mechanical Spin Control of Nitrogen-Vacancy Centers in Diamond},
	journal = {Physical Review Letters}
}
@article{MacQuarrie_2015,
	doi = {10.1364/optica.2.000233},
	url = {https://doi.org/10.1364%2Foptica.2.000233},
	year = 2015,
	month = {mar},
	publisher = {The Optical Society},
	volume = {2},
	number = {3},
	pages = {233},
	author = {E. R. MacQuarrie and T. A. Gosavi and A. M. Moehle and N. R. Jungwirth and S. A. Bhave and G. D. Fuchs},
	title = {Coherent control of a nitrogen-vacancy center spin ensemble with a diamond mechanical resonator},
	journal = {Optica}
}
@article{MacQuarrie_2015a,
	doi = {10.1103/physrevb.92.224419},
	url = {https://doi.org/10.1103%2Fphysrevb.92.224419},
	year = 2015,
	month = {dec},
	publisher = {American Physical Society ({APS})},
	volume = {92},
	number = {22},
	author = {E. R. MacQuarrie and T. A. Gosavi and S. A. Bhave and G. D. Fuchs},
	title = {Continuous dynamical decoupling of a single diamond nitrogen-vacancy center spin with a mechanical resonator},
	journal = {Physical Review B}
}
@article{MacQuarrie_2017,
	doi = {10.1038/ncomms14358},
	url = {https://doi.org/10.1038%2Fncomms14358},
	year = 2017,
	month = {feb},
	publisher = {Springer Nature},
	volume = {8},
	pages = {14358},
	author = {E. R. MacQuarrie and M. Otten and S. K. Gray and G. D. Fuchs},
	title = {Cooling a mechanical resonator with nitrogen-vacancy centres using a room temperature excited state spin{\textendash}strain interaction},
	journal = {Nature Communications}
}
