@article{Widmann_2016,
	doi = {10.1016/j.diamond.2015.12.016},
	url = {https://doi.org/10.1016%2Fj.diamond.2015.12.016},
	year = 2016,
	month = {apr},
	publisher = {Elsevier {BV}},
	volume = {64},
	pages = {1--7},
	author = {C.J. Widmann and W. MÃ¼ller-Sebert and N. Lang and C.E. Nebel},
	title = {Homoepitaxial growth of single crystalline {CVD}-diamond},
	journal = {Diamond and Related Materials}
}
@article{Widmann_2015,
	doi = {10.1016/j.diamond.2014.10.005},
	url = {https://doi.org/10.1016%2Fj.diamond.2014.10.005},
	year = 2015,
	month = {apr},
	publisher = {Elsevier {BV}},
	volume = {54},
	pages = {2--8},
	author = {C.J. Widmann and C. Giese and M. Wolfer and D. Brink and N. Heidrich and C.E. Nebel},
	title = {Fabrication and characterization of single crystalline diamond nanopillars with {NV}-centers},
	journal = {Diamond and Related Materials}
}
