@article{K_zsm_rki_2015,
	doi = {10.1038/nmat4402},
	url = {https://doi.org/10.1038%2Fnmat4402},
	year = 2015,
	month = {sep},
	publisher = {Springer Nature},
	volume = {14},
	number = {11},
	pages = {1116--1122},
	author = {I. K{\'{e}}zsm{\'{a}}rki and S. Bord{\'{a}}cs and P. Milde and E. Neuber and L.~M. Eng and J.~S. White and H.~M. R{\o}nnow and C.~D. Dewhurst and M. Mochizuki and K. Yanai and H. Nakamura and D. Ehlers and V. Tsurkan and A. Loidl},
	title = {N{\'{e}}el-type skyrmion lattice with confined orientation in the polar magnetic semiconductor~{GaV}4S8},
	journal = {Nature Materials}
}
@article{Gross_2016,
	doi = {10.1103/physrevb.93.064409},
	url = {https://doi.org/10.1103%2Fphysrevb.93.064409},
	year = 2016,
	month = {feb},
	publisher = {American Physical Society ({APS})},
	volume = {93},
	number = {6},
	author = {B. Gross and D. P. Weber and D. RÃ¼ffer and A. Buchter and F. Heimbach and A. Fontcuberta i Morral and D. Grundler and M. Poggio},
	title = {Dynamic cantilever magnetometry of individual {CoFeB} nanotubes},
	journal = {Physical Review B}
}
