@article{Wolfe_2014,
	doi = {10.1103/physrevb.89.180406},
	url = {https://doi.org/10.1103%2Fphysrevb.89.180406},
	year = 2014,
	month = {may},
	publisher = {American Physical Society ({APS})},
	volume = {89},
	number = {18},
	author = {C. S. Wolfe and V. P. Bhallamudi and H. L. Wang and C. H. Du and S. Manuilov and R. M. Teeling-Smith and A. J. Berger and R. Adur and F. Y. Yang and P. C. Hammel},
	title = {Off-resonant manipulation of spins in diamond via precessing magnetization of a proximal ferromagnet},
	journal = {Physical Review B}
}
@article{van_der_Sar_2015,
	doi = {10.1038/ncomms8886},
	url = {https://doi.org/10.1038%2Fncomms8886},
	year = 2015,
	month = {aug},
	publisher = {Springer Nature},
	volume = {6},
	pages = {7886},
	author = {Toeno van der Sar and Francesco Casola and Ronald Walsworth and Amir Yacoby},
	title = {Nanometre-scale probing of spin waves using single-electron spins},
	journal = {Nature Communications}
}
@article{Du_2017,
	doi = {10.1126/science.aak9611},
	url = {https://doi.org/10.1126%2Fscience.aak9611},
	year = 2017,
	month = {jul},
	publisher = {American Association for the Advancement of Science ({AAAS})},
	volume = {357},
	number = {6347},
	pages = {195--198},
	author = {Chunhui Du and Toeno van der Sar and Tony X. Zhou and Pramey Upadhyaya and Francesco Casola and Huiliang Zhang and Mehmet C. Onbasli and Caroline A. Ross and Ronald L. Walsworth and Yaroslav Tserkovnyak and Amir Yacoby},
	title = {Control and local measurement of the spin chemical potential in a magnetic insulator},
	journal = {Science}
}
