@article{Bai_2017,
	doi = {10.1103/physrevlett.118.217201},
	url = {https://doi.org/10.1103%2Fphysrevlett.118.217201},
	year = 2017,
	month = {may},
	publisher = {American Physical Society ({APS})},
	volume = {118},
	number = {21},
	author = {Lihui Bai and Michael Harder and Paul Hyde and Zhaohui Zhang and Can-Ming Hu and Y.{\hspace{0.167em}}P. Chen and John Q. Xiao},
	title = {Cavity Mediated Manipulation of Distant Spin Currents Using a Cavity-Magnon-Polariton},
	journal = {Physical Review Letters}
}
