@article{Kim_2013,
	doi = {10.1063/1.4789442},
	url = {https://doi.org/10.1063%2F1.4789442},
	year = 2013,
	month = {feb},
	publisher = {{AIP} Publishing},
	volume = {102},
	number = {5},
	pages = {053102},
	author = {P. H. Kim and C. Doolin and B. D. Hauer and A. J. R. MacDonald and M. R. Freeman and P. E. Barclay and J. P. Davis},
	title = {Nanoscale torsional optomechanics},
	journal = {Applied Physics Letters}
}
@article{Kim_2016,
	doi = {10.1038/ncomms13165},
	url = {https://doi.org/10.1038%2Fncomms13165},
	year = 2016,
	month = {oct},
	publisher = {Springer Nature},
	volume = {7},
	pages = {13165},
	author = {P. H. Kim and B. D. Hauer and C. Doolin and F. Souris and J. P. Davis},
	title = {Approaching the standard quantum limit of mechanical torque sensing},
	journal = {Nature Communications}
}
@article{Kim_2017,
	doi = {10.1038/s41467-017-01380-z},
	url = {https://doi.org/10.1038%2Fs41467-017-01380-z},
	year = 2017,
	month = {nov},
	publisher = {Springer Nature},
	volume = {8},
	number = {1},
	author = {P. H. Kim and B. D. Hauer and T. J. Clark and F. Fani Sani and M. R. Freeman and J. P. Davis},
	title = {Magnetic actuation and feedback cooling of a cavity optomechanical torque sensor},
	journal = {Nature Communications}
}
@article{Losby_2015,
	doi = {10.1126/science.aad2449},
	url = {https://doi.org/10.1126%2Fscience.aad2449},
	year = 2015,
	month = {nov},
	publisher = {American Association for the Advancement of Science ({AAAS})},
	volume = {350},
	number = {6262},
	pages = {798--801},
	author = {J. E. Losby and F. Fani Sani and D. T. Grandmont and Z. Diao and M. Belov and J. A. J. Burgess and S. R. Compton and W. K. Hiebert and D. Vick and K. Mohammad and E. Salimi and G. E. Bridges and D. J. Thomson and M. R. Freeman},
	title = {Torque-mixing magnetic resonance spectroscopy},
	journal = {Science}
}
