@article{Degen_2009,
	doi = {10.1073/pnas.0812068106},
	url = {https://doi.org/10.1073%2Fpnas.0812068106},
	year = 2009,
	month = {jan},
	publisher = {Proceedings of the National Academy of Sciences},
	volume = {106},
	number = {5},
	pages = {1313--1317},
	author = {C. L. Degen and M. Poggio and H. J. Mamin and C. T. Rettner and D. Rugar},
	title = {Nanoscale magnetic resonance imaging},
	journal = {Proceedings of the National Academy of Sciences}
}
