@article{Rondin_2014,
	doi = {10.1088/0034-4885/77/5/056503},
	url = {https://doi.org/10.1088%2F0034-4885%2F77%2F5%2F056503},
	year = 2014,
	month = {may},
	publisher = {{IOP} Publishing},
	volume = {77},
	number = {5},
	pages = {056503},
	author = {L Rondin and J-P Tetienne and T Hingant and J-F Roch and P Maletinsky and V Jacques},
	title = {Magnetometry with nitrogen-vacancy defects in diamond},
	journal = {Reports on Progress in Physics}
}
@article{Degen_2017,
	doi = {10.1103/revmodphys.89.035002},
	url = {https://doi.org/10.1103%2Frevmodphys.89.035002},
	year = 2017,
	month = {jul},
	publisher = {American Physical Society ({APS})},
	volume = {89},
	number = {3},
	author = {C.{\hspace{0.167em}}L. Degen and F. Reinhard and P. Cappellaro},
	title = {Quantum sensing},
	journal = {Reviews of Modern Physics}
}
@article{Grinolds_2013,
	doi = {10.1038/nphys2543},
	url = {https://doi.org/10.1038%2Fnphys2543},
	year = 2013,
	month = {feb},
	publisher = {Springer Nature},
	volume = {9},
	number = {4},
	pages = {215--219},
	author = {M. S. Grinolds and S. Hong and P. Maletinsky and L. Luan and M. D. Lukin and R. L. Walsworth and A. Yacoby},
	title = {Nanoscale magnetic imaging of a single electron spin under ambient conditions},
	journal = {Nature Physics}
}
@article{Appel_2016,
	doi = {10.1063/1.4952953},
	url = {https://doi.org/10.1063%2F1.4952953},
	year = 2016,
	month = {jun},
	publisher = {{AIP} Publishing},
	volume = {87},
	number = {6},
	pages = {063703},
	author = {Patrick Appel and Elke Neu and Marc Ganzhorn and Arne Barfuss and Marietta Batzer and Micha Gratz and Andreas Tschรถpe and Patrick Maletinsky},
	title = {Fabrication of all diamond scanning probes for nanoscale magnetometry},
	journal = {Review of Scientific Instruments}
}
@article{Maletinsky_2012,
	doi = {10.1038/nnano.2012.50},
	url = {https://doi.org/10.1038%2Fnnano.2012.50},
	year = 2012,
	month = {apr},
	publisher = {Springer Nature},
	volume = {7},
	number = {5},
	pages = {320--324},
	author = {P. Maletinsky and S. Hong and M. S. Grinolds and B. Hausmann and M. D. Lukin and R. L. Walsworth and M. Loncar and A. Yacoby},
	title = {A robust scanning diamond sensor for nanoscale imaging with single nitrogen-vacancy centres},
	journal = {Nature Nanotechnology}
}
@article{Jungwirth_2016,
	doi = {10.1038/nnano.2016.18},
	url = {https://doi.org/10.1038%2Fnnano.2016.18},
	year = 2016,
	month = {mar},
	publisher = {Springer Nature},
	volume = {11},
	number = {3},
	pages = {231--241},
	author = {T. Jungwirth and X. Marti and P. Wadley and J. Wunderlich},
	title = {Antiferromagnetic spintronics},
	journal = {Nature Nanotechnology}
}
@article{Kosub_2017,
	doi = {10.1038/ncomms13985},
	url = {https://doi.org/10.1038%2Fncomms13985},
	year = 2017,
	month = {jan},
	publisher = {Springer Nature},
	volume = {8},
	pages = {13985},
	author = {Tobias Kosub and Martin Kopte and Ruben H端hne and Patrick Appel and Brendan Shields and Patrick Maletinsky and Ren{\'{e}} H端bner and Maciej Oskar Liedke and J端rgen Fassbender and Oliver G. Schmidt and Denys Makarov},
	title = {Purely antiferromagnetic magnetoelectric random access memory},
	journal = {Nature Communications}
}
@article{Gross_2017,
	doi = {10.1038/nature23656},
	url = {https://doi.org/10.1038%2Fnature23656},
	year = 2017,
	month = {sep},
	publisher = {Springer Nature},
	volume = {549},
	number = {7671},
	pages = {252--256},
	author = {I. Gross and W. Akhtar and V. Garcia and L. J. Mart{\'{\i}}nez and S. Chouaieb and K. Garcia and C. Carr{\'{e}}t{\'{e}}ro and A. Barth{\'{e}}l{\'{e}}my and P. Appel and P. Maletinsky and J.-V. Kim and J. Y. Chauleau and N. Jaouen and M. Viret and M. Bibes and S. Fusil and V. Jacques},
	title = {Real-space imaging of non-collinear antiferromagnetic order with a single-spin magnetometer},
	journal = {Nature}
}
@article{Thiel_2016,
	doi = {10.1038/nnano.2016.63},
	url = {https://doi.org/10.1038%2Fnnano.2016.63},
	year = 2016,
	month = {may},
	publisher = {Springer Nature},
	volume = {11},
	number = {8},
	pages = {677--681},
	author = {L. Thiel and D. Rohner and M. Ganzhorn and P. Appel and E. Neu and B. M端ller and R. Kleiner and D. Koelle and P. Maletinsky},
	title = {Quantitative nanoscale vortex imaging using a cryogenic quantum magnetometer},
	journal = {Nature Nanotechnology}
}
