@article{Tsaturyan_2017,
	doi = {10.1038/nnano.2017.101},
	url = {https://doi.org/10.1038%2Fnnano.2017.101},
	year = 2017,
	month = {jun},
	publisher = {Springer Nature},
	volume = {12},
	number = {8},
	pages = {776--783},
	author = {Y. Tsaturyan and A. Barg and E. S. Polzik and A. Schliesser},
	title = {Ultracoherent nanomechanical resonators via soft clamping and dissipation dilution},
	journal = {Nature Nanotechnology}
}
@article{Bagci_2014,
	doi = {10.1038/nature13029},
	url = {https://doi.org/10.1038%2Fnature13029},
	year = 2014,
	month = {mar},
	publisher = {Springer Nature},
	volume = {507},
	number = {7490},
	pages = {81--85},
	author = {T. Bagci and A. Simonsen and S. Schmid and L. G. Villanueva and E. Zeuthen and J. Appel and J. M. Taylor and A. S{\o}rensen and K. Usami and A. Schliesser and E. S. Polzik},
	title = {Optical detection of radio waves through a nanomechanical transducer},
	journal = {Nature}
}
@article{M_ller_2017,
	doi = {10.1038/nature22980},
	url = {https://doi.org/10.1038%2Fnature22980},
	year = 2017,
	month = {jul},
	publisher = {Springer Nature},
	volume = {547},
	number = {7662},
	pages = {191--195},
	author = {Christoffer B. M{\o}ller and Rodrigo A. Thomas and Georgios Vasilakis and Emil Zeuthen and Yeghishe Tsaturyan and Mikhail Balabas and Kasper Jensen and Albert Schliesser and Klemens Hammerer and Eugene S. Polzik},
	title = {Quantum back-action-evading measurement of motion in a negative mass reference frame},
	journal = {Nature}
}
