@article{Nichol_2013,
	doi = {10.1103/physrevx.3.031016},
	url = {https://doi.org/10.1103%2Fphysrevx.3.031016},
	year = 2013,
	month = {sep},
	publisher = {American Physical Society ({APS})},
	volume = {3},
	number = {3},
	author = {John M. Nichol and Tyler R. Naibert and Eric R. Hemesath and Lincoln J. Lauhon and Raffi Budakian},
	title = {Nanoscale Fourier-Transform Magnetic Resonance Imaging},
	journal = {Physical Review X}
}
@article{Weber_2012,
	doi = {10.1021/nl302950u},
	url = {https://doi.org/10.1021%2Fnl302950u},
	year = 2012,
	month = {nov},
	publisher = {American Chemical Society ({ACS})},
	volume = {12},
	number = {12},
	pages = {6139--6144},
	author = {D. P. Weber and D. R端ffer and A. Buchter and F. Xue and E. Russo-Averchi and R. Huber and P. Berberich and J. Arbiol and A. Fontcuberta i Morral and D. Grundler and M. Poggio},
	title = {Cantilever Magnetometry of Individual Ni Nanotubes},
	journal = {Nano Letters}
}
@article{Cardellino_2014,
	doi = {10.1038/nnano.2014.39},
	url = {https://doi.org/10.1038%2Fnnano.2014.39},
	year = 2014,
	month = {mar},
	publisher = {Springer Nature},
	volume = {9},
	number = {5},
	pages = {343--347},
	author = {Jeremy Cardellino and Nicolas Scozzaro and Michael Herman and Andrew J. Berger and Chi Zhang and Kin Chung Fong and Ciriyam Jayaprakash and Denis V. Pelekhov and P. Chris Hammel},
	title = {The effect of spin transport on spin lifetime in nanoscale systems},
	journal = {Nature Nanotechnology}
}
@article{Chang_2017,
	doi = {10.1021/acs.nanolett.6b05304},
	url = {https://doi.org/10.1021%2Facs.nanolett.6b05304},
	year = 2017,
	month = {mar},
	publisher = {American Chemical Society ({ACS})},
	volume = {17},
	number = {4},
	pages = {2367--2373},
	author = {K. Chang and A. Eichler and J. Rhensius and L. Lorenzelli and C. L. Degen},
	title = {Nanoscale Imaging of Current Density with a Single-Spin Magnetometer},
	journal = {Nano Letters}
}
@article{Yongsunthon_2001,
	doi = {10.1116/1.1379325},
	url = {https://doi.org/10.1116%2F1.1379325},
	year = 2001,
	month = {jul},
	publisher = {American Vacuum Society},
	volume = {19},
	number = {4},
	pages = {1763--1768},
	author = {R. Yongsunthon and J. McCoy and E. D. Williams},
	title = {Calibrated magnetic force microscopy measurement of current-carrying lines},
	journal = {Journal of Vacuum Science {\&} Technology A: Vacuum, Surfaces, and Films}
}
@article{Tao_2016,
	doi = {10.1038/ncomms12714},
	url = {https://doi.org/10.1038%2Fncomms12714},
	year = 2016,
	month = {sep},
	publisher = {Springer Nature},
	volume = {7},
	pages = {12714},
	author = {Y. Tao and A. Eichler and T. Holzherr and C. L. Degen},
	title = {Ultrasensitive mechanical detection of magnetic moment using a commercial disk drive write head},
	journal = {Nature Communications}
}
@article{Z_ger_1993,
	doi = {10.1063/1.110460},
	url = {https://doi.org/10.1063%2F1.110460},
	year = 1993,
	month = {nov},
	publisher = {{AIP} Publishing},
	volume = {63},
	number = {18},
	pages = {2496--2498},
	author = {O. Züger and D. Rugar},
	title = {First images from a magnetic resonance force microscope},
	journal = {Applied Physics Letters}
}
@article{Degen_2009,
	doi = {10.1073/pnas.0812068106},
	url = {https://doi.org/10.1073%2Fpnas.0812068106},
	year = 2009,
	month = {jan},
	publisher = {Proceedings of the National Academy of Sciences},
	volume = {106},
	number = {5},
	pages = {1313--1317},
	author = {C. L. Degen and M. Poggio and H. J. Mamin and C. T. Rettner and D. Rugar},
	title = {Nanoscale magnetic resonance imaging},
	journal = {Proceedings of the National Academy of Sciences}
}
@article{Moores_2015,
	doi = {10.1063/1.4921409},
	url = {https://doi.org/10.1063%2F1.4921409},
	year = 2015,
	month = {may},
	publisher = {{AIP} Publishing},
	volume = {106},
	number = {21},
	pages = {213101},
	author = {B. A. Moores and A. Eichler and Y. Tao and H. Takahashi and P. Navaretti and C. L. Degen},
	title = {Accelerated nanoscale magnetic resonance imaging through phase multiplexing},
	journal = {Applied Physics Letters}
}
