@article{M_sz_ros_2006,
	doi = {10.1016/j.physb.2005.10.043},
	url = {https://doi.org/10.1016%2Fj.physb.2005.10.043},
	year = 2006,
	month = {feb},
	publisher = {Elsevier {BV}},
	volume = {372},
	number = {1-2},
	pages = {181--184},
	author = {I. M{\'{e}}sz{\'{a}}ros},
	title = {Magnetic characterisation of duplex stainless steel},
	journal = {Physica B: Condensed Matter}
}
