@article{Bourgeois_2015,
	doi = {10.1038/ncomms9577},
	url = {https://doi.org/10.1038%2Fncomms9577},
	year = 2015,
	month = {oct},
	publisher = {Springer Nature},
	volume = {6},
	pages = {8577},
	author = {E. Bourgeois and A. Jarmola and P. Siyushev and M. Gulka and J. Hruby and F. Jelezko and D. Budker and M. Nesladek},
	title = {Photoelectric detection of electron spin resonance of nitrogen-vacancy centres in diamond},
	journal = {Nature Communications}
}
@article{Gulka_2017,
	doi = {10.1103/physrevapplied.7.044032},
	url = {https://doi.org/10.1103%2Fphysrevapplied.7.044032},
	year = 2017,
	month = {apr},
	publisher = {American Physical Society ({APS})},
	volume = {7},
	number = {4},
	author = {Michal Gulka and Emilie Bourgeois and Jaroslav Hruby and Petr Siyushev and Georg Wachter and Friedrich Aumayr and Philip R. Hemmer and Adam Gali and Fedor Jelezko and Michael Trupke and Milos Nesladek},
	title = {Pulsed Photoelectric Coherent Manipulation and Detection of 
		N-V
		 Center Spins in Diamond},
	journal = {Physical Review Applied}
}
