@article{Matsuo_2013,
	doi = {10.1103/physrevb.87.180402},
	url = {https://doi.org/10.1103%2Fphysrevb.87.180402},
	year = 2013,
	month = {may},
	publisher = {American Physical Society ({APS})},
	volume = {87},
	number = {18},
	author = {Mamoru Matsuo and Jun{\textquotesingle}ichi Ieda and Kazuya Harii and Eiji Saitoh and Sadamichi Maekawa},
	title = {Mechanical generation of spin current by spin-rotation coupling},
	journal = {Physical Review B}
}
@article{Kobayashi_2017,
	doi = {10.1103/physrevlett.119.077202},
	url = {https://doi.org/10.1103%2Fphysrevlett.119.077202},
	year = 2017,
	month = {aug},
	publisher = {American Physical Society ({APS})},
	volume = {119},
	number = {7},
	author = {D. Kobayashi and T. Yoshikawa and M. Matsuo and R. Iguchi and S. Maekawa and E. Saitoh and Y. Nozaki},
	title = {Spin Current Generation Using a Surface Acoustic Wave Generated via Spin-Rotation Coupling},
	journal = {Physical Review Letters}
}
