@article{Pistolesi_2015,
	doi = {10.1103/physrevb.92.035423},
	url = {https://doi.org/10.1103%2Fphysrevb.92.035423},
	year = 2015,
	month = {jul},
	publisher = {American Physical Society ({APS})},
	volume = {92},
	number = {3},
	author = {F. Pistolesi and R. Shekhter},
	title = {Tunable spin-polaron state in a singly clamped semiconducting carbon nanotube},
	journal = {Physical Review B}
}
