@article{Probst_2017,
	doi = {10.1063/1.5002540},
	url = {https://doi.org/10.1063%2F1.5002540},
	year = 2017,
	month = {nov},
	publisher = {{AIP} Publishing},
	volume = {111},
	number = {20},
	pages = {202604},
	author = {S. Probst and A. Bienfait and P. Campagne-Ibarcq and J. J. Pla and B. Albanese and J. F. Da Silva Barbosa and T. Schenkel and D. Vion and D. Esteve and K. M{\o}lmer and J. J. L. Morton and R. Heeres and P. Bertet},
	title = {Inductive-detection electron-spin resonance spectroscopy with 65 spins/ Hz sensitivity},
	journal = {Applied Physics Letters}
}
@article{Bienfait_2015,
	doi = {10.1038/nnano.2015.282},
	url = {https://doi.org/10.1038%2Fnnano.2015.282},
	year = 2015,
	month = {dec},
	publisher = {Springer Nature},
	volume = {11},
	number = {3},
	pages = {253--257},
	author = {A. Bienfait and J. J. Pla and Y. Kubo and M. Stern and X. Zhou and C. C. Lo and C. D. Weis and T. Schenkel and M. L. W. Thewalt and D. Vion and D. Esteve and B. Julsgaard and K. M{\o}lmer and J. J. L. Morton and P. Bertet},
	title = {Reaching the quantum limit of sensitivity in electron spin resonance},
	journal = {Nature Nanotechnology}
}
