@article{Rossi_2016,
	doi = {10.1038/nnano.2016.189},
	url = {https://doi.org/10.1038%2Fnnano.2016.189},
	year = 2016,
	month = {oct},
	publisher = {Springer Nature},
	volume = {12},
	number = {2},
	pages = {150--155},
	author = {Nicola Rossi and Floris R. Braakman and Davide Cadeddu and Denis Vasyukov and G旦zde T端t端nc端oglu and Anna Fontcuberta i Morral and Martino Poggio},
	title = {Vectorial scanning force microscopy using a nanowire sensor},
	journal = {Nature Nanotechnology}
}
@article{de_L_pinay_2016,
	doi = {10.1038/nnano.2016.193},
	url = {https://doi.org/10.1038%2Fnnano.2016.193},
	year = 2016,
	month = {oct},
	publisher = {Springer Nature},
	volume = {12},
	number = {2},
	pages = {156--162},
	author = {Laure Mercier de L{\'{e}}pinay and Benjamin Pigeau and Benjamin Besga and Pascal Vincent and Philippe Poncharal and Olivier Arcizet},
	title = {A universal and ultrasensitive vectorial nanomechanical sensor for imaging 2D force fields},
	journal = {Nature Nanotechnology}
}
@article{Hubmann_2016,
	doi = {10.1021/acs.nanolett.5b03658},
	url = {https://doi.org/10.1021%2Facs.nanolett.5b03658},
	year = 2016,
	month = {jan},
	publisher = {American Chemical Society ({ACS})},
	volume = {16},
	number = {2},
	pages = {900--905},
	author = {Joachim Hubmann and Benedikt Bauer and Helmut S. KĂśrner and Stephan Furthmeier and Martin Buchner and GĂźnther Bayreuther and Florian Dirnberger and Dieter Schuh and Christian H. Back and Josef Zweck and Elisabeth Reiger and Dominique Bougeard},
	title = {Epitaxial Growth of Room-Temperature Ferromagnetic {MnAs} Segments on {GaAs} Nanowires via Sequential Crystallization},
	journal = {Nano Letters}
}
@article{Gross_2016,
	doi = {10.1103/physrevb.93.064409},
	url = {https://doi.org/10.1103%2Fphysrevb.93.064409},
	year = 2016,
	month = {feb},
	publisher = {American Physical Society ({APS})},
	volume = {93},
	number = {6},
	author = {B. Gross and D. P. Weber and D. R端ffer and A. Buchter and F. Heimbach and A. Fontcuberta i Morral and D. Grundler and M. Poggio},
	title = {Dynamic cantilever magnetometry of individual {CoFeB} nanotubes},
	journal = {Physical Review B}
}
