@article{Saitoh_2006,
	doi = {10.1063/1.2199473},
	url = {https://doi.org/10.1063%2F1.2199473},
	year = 2006,
	month = {may},
	publisher = {{AIP} Publishing},
	volume = {88},
	number = {18},
	pages = {182509},
	author = {E. Saitoh and M. Ueda and H. Miyajima and G. Tatara},
	title = {Conversion of spin current into charge current at room temperature: Inverse spin-Hall effect},
	journal = {Applied Physics Letters}
}
@article{Hirobe_2016,
	doi = {10.1038/nphys3895},
	url = {https://doi.org/10.1038%2Fnphys3895},
	year = 2016,
	month = {sep},
	publisher = {Springer Nature},
	volume = {13},
	number = {1},
	pages = {30--34},
	author = {Daichi Hirobe and Masahiro Sato and Takayuki Kawamata and Yuki Shiomi and Ken-ichi Uchida and Ryo Iguchi and Yoji Koike and Sadamichi Maekawa and Eiji Saitoh},
	title = {One-dimensional spinon spin currents},
	journal = {Nature Physics}
}
@article{Kikkawa_2016,
	doi = {10.1103/physrevlett.117.207203},
	url = {https://doi.org/10.1103%2Fphysrevlett.117.207203},
	year = 2016,
	month = {nov},
	publisher = {American Physical Society ({APS})},
	volume = {117},
	number = {20},
	author = {Takashi Kikkawa and Ka Shen and Benedetta Flebus and Rembert A. Duine and Ken-ichi Uchida and Zhiyong Qiu and Gerrit E.{\hspace{0.167em}}W. Bauer and Eiji Saitoh},
	title = {Magnon Polarons in the Spin Seebeck Effect},
	journal = {Physical Review Letters}
}
@article{Takahashi_2015,
	doi = {10.1038/nphys3526},
	url = {https://doi.org/10.1038%2Fnphys3526},
	year = 2015,
	month = {nov},
	publisher = {Springer Nature},
	volume = {12},
	number = {1},
	pages = {52--56},
	author = {R. Takahashi and M. Matsuo and M. Ono and K. Harii and H. Chudo and S. Okayasu and J. Ieda and S. Takahashi and S. Maekawa and E. Saitoh},
	title = {Spin hydrodynamic generation},
	journal = {Nature Physics}
}
