@article{Allen_1992,
	doi = {10.1103/physreva.45.8185},
	url = {https://doi.org/10.1103%2Fphysreva.45.8185},
	year = 1992,
	month = {jun},
	publisher = {American Physical Society ({APS})},
	volume = {45},
	number = {11},
	pages = {8185--8189},
	author = {L. Allen and M. W. Beijersbergen and R. J. C. Spreeuw and J. P. Woerdman},
	title = {Orbital angular momentum of light and the transformation of Laguerre-Gaussian laser modes},
	journal = {Physical Review A}
}
@article{Fert_2013,
	doi = {10.1038/nnano.2013.29},
	url = {https://doi.org/10.1038%2Fnnano.2013.29},
	year = 2013,
	month = {mar},
	publisher = {Springer Nature},
	volume = {8},
	number = {3},
	pages = {152--156},
	author = {Albert Fert and Vincent Cros and Jo{\~{a}}o Sampaio},
	title = {Skyrmions on the track},
	journal = {Nature Nanotechnology}
}
@article{Fujita_2017,
	doi = {10.1103/physrevb.95.054421},
	url = {https://doi.org/10.1103%2Fphysrevb.95.054421},
	year = 2017,
	month = {feb},
	publisher = {American Physical Society ({APS})},
	volume = {95},
	number = {5},
	author = {Hiroyuki Fujita and Masahiro Sato},
	title = {Ultrafast generation of skyrmionic defects with vortex beams: Printing laser profiles on magnets},
	journal = {Physical Review B}
}
@article{Fujita_2017a,
	doi = {10.1103/physrevb.96.060407},
	url = {https://doi.org/10.1103%2Fphysrevb.96.060407},
	year = 2017,
	month = {aug},
	publisher = {American Physical Society ({APS})},
	volume = {96},
	number = {6},
	author = {Hiroyuki Fujita and Masahiro Sato},
	title = {Encoding orbital angular momentum of light in magnets},
	journal = {Physical Review B}
}
