@article{O_Connell_2010,
	doi = {10.1038/nature08967},
	url = {https://doi.org/10.1038%2Fnature08967},
	year = 2010,
	month = {mar},
	publisher = {Springer Nature},
	volume = {464},
	number = {7289},
	pages = {697--703},
	author = {A. D. O'Connell and M. Hofheinz and M. Ansmann and Radoslaw C. Bialczak and M. Lenander and Erik Lucero and M. Neeley and D. Sank and H. Wang and M. Weides and J. Wenner and John M. Martinis and A. N. Cleland},
	title = {Quantum ground state and single-phonon control of a mechanical resonator},
	journal = {Nature}
}
@article{Chu_2017,
	doi = {10.1126/science.aao1511},
	url = {https://doi.org/10.1126%2Fscience.aao1511},
	year = 2017,
	month = {sep},
	publisher = {American Association for the Advancement of Science ({AAAS})},
	volume = {358},
	number = {6360},
	pages = {199--202},
	author = {Yiwen Chu and Prashanta Kharel and William H. Renninger and Luke D. Burkhart and Luigi Frunzio and Peter T. Rakich and Robert J. Schoelkopf},
	title = {Quantum acoustics with superconducting qubits},
	journal = {Science}
}
@article{Zhang_2016,
	doi = {10.1126/sciadv.1501286},
	url = {https://doi.org/10.1126%2Fsciadv.1501286},
	year = 2016,
	month = {mar},
	publisher = {American Association for the Advancement of Science ({AAAS})},
	volume = {2},
	number = {3},
	pages = {e1501286--e1501286},
	author = {X. Zhang and C.-L. Zou and L. Jiang and H. X. Tang},
	title = {Cavity magnomechanics},
	journal = {Science Advances}
}
