@article{Wagner_2016,
	doi = {10.1038/nnano.2015.339},
	url = {https://doi.org/10.1038%2Fnnano.2015.339},
	year = 2016,
	month = {feb},
	publisher = {Springer Nature},
	volume = {11},
	number = {5},
	pages = {432--436},
	author = {K. Wagner and A. K{\'{a}}kay and K. Schultheiss and A. Henschke and T. Sebastian and H. Schultheiss},
	title = {Magnetic domain walls as reconfigurable spin-wave nanochannels},
	journal = {Nature Nanotechnology}
}
@article{Vogt_2014,
	doi = {10.1038/ncomms4727},
	url = {https://doi.org/10.1038%2Fncomms4727},
	year = 2014,
	month = {apr},
	publisher = {Springer Nature},
	volume = {5},
	author = {K. Vogt and F.Y. Fradin and J.E. Pearson and T. Sebastian and S.D. Bader and B. Hillebrands and A. Hoffmann and H. Schultheiss},
	title = {Realization of a spin-wave multiplexer},
	journal = {Nature Communications}
}
