@article{Mamin_2007,
	doi = {10.1038/nnano.2007.105},
	url = {https://doi.org/10.1038%2Fnnano.2007.105},
	year = 2007,
	month = {apr},
	publisher = {Springer Nature},
	volume = {2},
	number = {5},
	pages = {301--306},
	author = {H. J. Mamin and M. Poggio and C. L. Degen and D. Rugar},
	title = {Nuclear magnetic resonance imaging with 90-nm resolution},
	journal = {Nature Nanotechnology}
}
@article{Poggio_2007,
	doi = {10.1063/1.2752536},
	url = {https://doi.org/10.1063%2F1.2752536},
	year = 2007,
	month = {jun},
	publisher = {{AIP} Publishing},
	volume = {90},
	number = {26},
	pages = {263111},
	author = {M. Poggio and C. L. Degen and C. T. Rettner and H. J. Mamin and D. Rugar},
	title = {Nuclear magnetic resonance force microscopy with a microwire rf source},
	journal = {Applied Physics Letters}
}
@article{Nichol_2012,
	doi = {10.1103/physrevb.85.054414},
	url = {https://doi.org/10.1103%2Fphysrevb.85.054414},
	year = 2012,
	month = {feb},
	publisher = {American Physical Society ({APS})},
	volume = {85},
	number = {5},
	author = {John M. Nichol and Eric R. Hemesath and Lincoln J. Lauhon and Raffi Budakian},
	title = {Nanomechanical detection of nuclear magnetic resonance using a silicon nanowire oscillator},
	journal = {Physical Review B}
}
@article{Tao_2016,
	doi = {10.1038/ncomms12714},
	url = {https://doi.org/10.1038%2Fncomms12714},
	year = 2016,
	month = {sep},
	publisher = {Springer Nature},
	volume = {7},
	pages = {12714},
	author = {Y. Tao and A. Eichler and T. Holzherr and C. L. Degen},
	title = {Ultrasensitive mechanical detection of magnetic moment using a commercial disk drive write head},
	journal = {Nature Communications}
}
@article{Kuehn_2006,
	doi = {10.1103/physrevlett.96.156103},
	url = {https://doi.org/10.1103%2Fphysrevlett.96.156103},
	year = 2006,
	month = {apr},
	publisher = {American Physical Society ({APS})},
	volume = {96},
	number = {15},
	author = {Seppe Kuehn and Roger F. Loring and John A. Marohn},
	title = {Dielectric Fluctuations and the Origins of Noncontact Friction},
	journal = {Physical Review Letters}
}
@article{Overweg_2015,
	doi = {10.1063/1.4928929},
	url = {https://doi.org/10.1063%2F1.4928929},
	year = 2015,
	month = {aug},
	publisher = {{AIP} Publishing},
	volume = {107},
	number = {7},
	pages = {072402},
	author = {H. C. Overweg and A. M. J. den Haan and H. J. Eerkens and P. F. A. Alkemade and A. L. La Rooij and R. J. C. Spreeuw and L. Bossoni and T. H. Oosterkamp},
	title = {Probing the magnetic moment of {FePt} micromagnets prepared by focused ion beam milling},
	journal = {Applied Physics Letters}
}
@article{Chan_2010,
	doi = {10.1021/nl103301x},
	url = {https://doi.org/10.1021%2Fnl103301x},
	year = 2010,
	month = {dec},
	publisher = {American Chemical Society ({ACS})},
	volume = {10},
	number = {12},
	pages = {5070--5075},
	author = {Keith T. Chan and Jimmy J. Kan and Christopher Doran and Lu Ouyang and David J. Smith and Eric E. Fullerton},
	title = {Oriented Growth of Single-Crystal Ni Nanowires onto Amorphous {SiO}2},
	journal = {Nano Letters}
}
@article{Dasgupta_2014,
	doi = {10.1002/adma.201305929},
	url = {https://doi.org/10.1002%2Fadma.201305929},
	year = 2014,
	month = {mar},
	publisher = {Wiley-Blackwell},
	volume = {26},
	number = {14},
	pages = {2137--2184},
	author = {Neil P. Dasgupta and Jianwei Sun and Chong Liu and Sarah Brittman and Sean C. Andrews and Jongwoo Lim and Hanwei Gao and Ruoxue Yan and Peidong Yang},
	title = {25th Anniversary Article: Semiconductor Nanowires - Synthesis, Characterization, and Applications},
	journal = {Advanced Materials}
}
@article{Hawkeye_2007,
	doi = {10.1116/1.2764082},
	url = {https://doi.org/10.1116%2F1.2764082},
	year = 2007,
	publisher = {American Vacuum Society},
	volume = {25},
	number = {5},
	pages = {1317},
	author = {Matthew M. Hawkeye and Michael J. Brett},
	title = {Glancing angle deposition: Fabrication, properties, and applications of micro- and nanostructured thin films},
	journal = {Journal of Vacuum Science {\&} Technology A: Vacuum, Surfaces, and Films}
}
