@article{Degen_2009,
	doi = {10.1073/pnas.0812068106},
	url = {https://doi.org/10.1073%2Fpnas.0812068106},
	year = 2009,
	month = {jan},
	publisher = {Proceedings of the National Academy of Sciences},
	volume = {106},
	number = {5},
	pages = {1313--1317},
	author = {C. L. Degen and M. Poggio and H. J. Mamin and C. T. Rettner and D. Rugar},
	title = {Nanoscale magnetic resonance imaging},
	journal = {Proceedings of the National Academy of Sciences}
}
@article{Nichol_2013,
	doi = {10.1103/physrevx.3.031016},
	url = {https://doi.org/10.1103%2Fphysrevx.3.031016},
	year = 2013,
	month = {sep},
	publisher = {American Physical Society ({APS})},
	volume = {3},
	number = {3},
	author = {John M. Nichol and Tyler R. Naibert and Eric R. Hemesath and Lincoln J. Lauhon and Raffi Budakian},
	title = {Nanoscale Fourier-Transform Magnetic Resonance Imaging},
	journal = {Physical Review X}
}
@article{Mamin_2012,
	doi = {10.1063/1.3673910},
	url = {https://doi.org/10.1063%2F1.3673910},
	year = 2012,
	month = {jan},
	publisher = {{AIP} Publishing},
	volume = {100},
	number = {1},
	pages = {013102},
	author = {H. J. Mamin and C. T. Rettner and M. H. Sherwood and L. Gao and D. Rugar},
	title = {High field-gradient dysprosium tips for magnetic resonance force microscopy},
	journal = {Applied Physics Letters}
}
@article{Longenecker_2012,
	doi = {10.1021/nn3030628},
	url = {https://doi.org/10.1021%2Fnn3030628},
	year = 2012,
	month = {oct},
	publisher = {American Chemical Society ({ACS})},
	volume = {6},
	number = {11},
	pages = {9637--9645},
	author = {Jonilyn G. Longenecker and H. J. Mamin and Alexander W. Senko and Lei Chen and Charles T. Rettner and Daniel Rugar and John A. Marohn},
	title = {High-Gradient Nanomagnets on Cantilevers for Sensitive Detection of Nuclear Magnetic Resonance},
	journal = {{ACS} Nano}
}
@article{Shamsudhin_2016,
	doi = {10.1002/smll.201602338},
	url = {https://doi.org/10.1002%2Fsmll.201602338},
	year = 2016,
	month = {sep},
	publisher = {Wiley-Blackwell},
	volume = {12},
	number = {46},
	pages = {6363--6369},
	author = {Naveen Shamsudhin and Ye Tao and Jordi Sort and Bumjin Jang and Christian L. Degen and Bradley J. Nelson and Salvador Pan{\'{e}}},
	title = {Magnetometry of Individual Polycrystalline Ferromagnetic Nanowires},
	journal = {Small}
}
@article{Rhodes_1958,
	doi = {10.1103/physrev.109.1547},
	url = {https://doi.org/10.1103%2Fphysrev.109.1547},
	year = 1958,
	month = {mar},
	publisher = {American Physical Society ({APS})},
	volume = {109},
	number = {5},
	pages = {1547--1550},
	author = {B. L. Rhodes and S. Legvold and F. H. Spedding},
	title = {Magnetic Properties of Holmium and Thulium Metals},
	journal = {Physical Review}
}
@inproceedings{Horprathum_2014,
	doi = {10.1063/1.4897091},
	url = {https://doi.org/10.1063%2F1.4897091},
	year = 2014,
	publisher = {{AIP} Publishing {LLC}},
	author = {M. Horprathum and P. Eiamchai and J. Kaewkhao and C. Chananonnawathorn and V. Patthanasettakul and S. Limwichean and N. Nuntawong and P. Chindaudom},
	title = {Fabrication of nanostructure by physical vapor deposition with glancing angle deposition technique and its applications}
}
@article{Eames_2006,
	doi = {10.1103/physrevb.74.193318},
	url = {https://doi.org/10.1103%2Fphysrevb.74.193318},
	year = 2006,
	month = {nov},
	publisher = {American Physical Society ({APS})},
	volume = {74},
	number = {19},
	author = {C. Eames and C. Bonet and M. I. J. Probert and S. P. Tear and E. W. Perkins},
	title = {{STM} andab initiostudy of holmium nanowires on a Ge(111) surface},
	journal = {Physical Review B}
}
@article{Chen_2007,
	doi = {10.1016/j.physleta.2006.09.088},
	url = {https://doi.org/10.1016%2Fj.physleta.2006.09.088},
	year = 2007,
	month = {feb},
	publisher = {Elsevier {BV}},
	volume = {362},
	number = {1},
	pages = {61--65},
	author = {Haiyong Chen and Hongliang Lu and Yanguang Nie and Jiahua Zhang and Mingzhe Zhang and Quanqin Dai and Shiyong Gao and Shihai Kan and Dongmei Li and Guangtian Zou},
	title = {The fabrication of Te nanowires with different orientations by vacuum vapor deposition},
	journal = {Physics Letters A}
}
