@article{Meyer_2017,
	doi = {10.1103/physrevlett.118.097701},
	url = {https://doi.org/10.1103%2Fphysrevlett.118.097701},
	year = 2017,
	month = {mar},
	publisher = {American Physical Society ({APS})},
	volume = {118},
	number = {9},
	author = {Uta Meyer and G{\'{e}}raldine Haack and Christoph Groth and Xavier Waintal},
	title = {Control of the Oscillatory Interlayer Exchange Interaction with Terahertz Radiation},
	journal = {Physical Review Letters}
}
