@article{Jackson_Kimball_2016,
	doi = {10.1103/physrevlett.116.190801},
	url = {https://doi.org/10.1103%2Fphysrevlett.116.190801},
	year = 2016,
	month = {may},
	publisher = {American Physical Society ({APS})},
	volume = {116},
	number = {19},
	author = {Derek F. Jackson Kimball and Alexander O. Sushkov and Dmitry Budker},
	title = {Precessing Ferromagnetic Needle Magnetometer},
	journal = {Physical Review Letters}
}
