@article{Chudnovsky_1994,
	doi = {10.1103/physrevlett.72.3433},
	url = {https://doi.org/10.1103%2Fphysrevlett.72.3433},
	year = 1994,
	month = {may},
	publisher = {American Physical Society ({APS})},
	volume = {72},
	number = {21},
	pages = {3433--3436},
	author = {Eugene M. Chudnovsky},
	title = {Conservation of angular momentum in the problem of tunneling of the magnetic moment},
	journal = {Physical Review Letters}
}
@article{Chudnovsky_2005,
	doi = {10.1103/physrevb.72.094426},
	url = {https://doi.org/10.1103%2Fphysrevb.72.094426},
	year = 2005,
	month = {sep},
	publisher = {American Physical Society ({APS})},
	volume = {72},
	number = {9},
	author = {E. M. Chudnovsky and D. A. Garanin and R. Schilling},
	title = {Universal mechanism of spin relaxation in solids},
	journal = {Physical Review B}
}
@article{Garanin_2011,
	doi = {10.1103/physrevx.1.011005},
	url = {https://doi.org/10.1103%2Fphysrevx.1.011005},
	year = 2011,
	month = {aug},
	publisher = {American Physical Society ({APS})},
	volume = {1},
	number = {1},
	author = {D. A. Garanin and E. M. Chudnovsky},
	title = {Quantum Entanglement of a Tunneling Spin with Mechanical Modes of a Torsional Resonator},
	journal = {Physical Review X}
}
@article{Ganzhorn_2016,
	doi = {10.1038/ncomms11443},
	url = {https://doi.org/10.1038%2Fncomms11443},
	year = 2016,
	month = {apr},
	publisher = {Springer Nature},
	volume = {7},
	pages = {11443},
	author = {Marc Ganzhorn and Svetlana Klyatskaya and Mario Ruben and Wolfgang Wernsdorfer},
	title = {Quantum Einstein-de Haas effect},
	journal = {Nature Communications}
}
